@misc{RPiZero,
	title = {Официальный сайт Raspberry Pi},
	howpublished = 
	{\url{https://www.raspberrypi.org/products/pi-zero/}},
	year = 2017,
	note = {Accessed: 2017-06-1},
	language = {english}
}

@misc{freedesktop,
	title = {Главная страница проекта freedesktop.org},
	howpublished = 
	{\url{https://www.freedesktop.org/}},
	year = 2017,
	note = {Accessed: 2017-05-28},
	language = {english}
}

@misc{oFono,
	title = {Официальный сайт oFono},
	howpublished = 
	{\url{https://01.org/ofono}},
	year = 2017,
	note = {Accessed: 2017-05-1},
	language = {english}
}

@misc{Qt,
	title = {Qt главная страница},
	howpublished = 
	{\url{https://www.qt.io}},
	year = 2017,
	note = {Accessed: 2017-05-28},
	language = {english}
}

@misc{gnome,
	title = {GNOME главная страница},
	howpublished = 
	{\url{https://www.gnome.org/}},
	year = 2017,
	note = {Accessed: 2017-05-28},
	language = {english}
}
