@misc{RPiZero,
	title = {Официальный сайт Raspberry Pi},
	howpublished = 
	{\url{https://www.raspberrypi.org/products/pi-zero/}},
	year = 2017,
	note = {Accessed: 2017-05-28},
	language = {english}
}

@misc{Wayland,
	title = {Официальный сайт Wayland},
	howpublished = 
	{\url{https://wayland.freedesktop.org/}},
	year = 2017,
	note = {Accessed: 2017-05-28},
	language = {english}
}

@misc{Weston,
	title = {Инструкция к установке Weston},
	howpublished = 
	{\url{https://wayland.freedesktop.org/building.html}},
	year = 2017,
	note = {Accessed: 2017-05-28},
	language = {english}
}

@misc{Xorg,
	title = {Официальный сайт X.OrgFoundation},
	howpublished = 
	{\url{https://www.x.org/wiki/}},
	year = 2017,
	note = {Accessed: 2017-05-28},
	language = {english}
}

@article{icccm,
  title={Inter-Client Communication Conventions Manual},
  author={Rosenthal, David and Marks, Stuart W},
  journal={SGFR92},
  year={1991}
}

@misc{wlc,
	title = {Исходные коды WLC},
	howpublished = 
	{\url{https://github.com/Cloudef/wlc}},
	year = 2017,
	note = {Accessed: 2017-05-28},
	language = {english}
}

@misc{swc,
	title = {Исходные коды SWC},
	howpublished = 
	{\url{https://github.com/Cloudef/wlc}},
	year = 2017,
	note = {Accessed: 2017-05-28},
	language = {english}
}

@misc{vc4,
	title = {Описание драйвера VC4},
	howpublished = 
	{\url{https://github.com/anholt/mesa/wiki/VC4}},
	year = 2017,
	note = {Accessed: 2017-05-28},
	language = {english}
}

@misc{inih,
	title = {Исходные коды Inih},
	howpublished = 
	{\url{https://github.com/benhoyt/inih}},
	year = 2017,
	note = {Accessed: 2017-05-28},
	language = {english}
}

@misc{desktop,
	title = {Сандарт формата desktop},
	howpublished = 
	{\url{https://specifications.freedesktop.org/desktop-entry-spec/desktop-entry-spec-latest.html}},
	year = 2017,
	note = {Accessed: 2017-05-28},
	language = {english}
}

